@Book{embandroid,
   title = "Embedded Android",
   author = "Karim {Yaghmour}",
   publisher = "O'Reilly Media",
   edition = "Early Release Version",
   month = "Oct",
   year = 2011,
   pages = 300,
   key = "Embedded, Android",
   isbn = "978-1-4493-4060-5"
}

@Book{jni,
   title = "The Java Native Interface",
   author = "Sheng {Liang}",
   publisher = "Addison-Wesley",
   month = "Jun",
   year = 1999,
   pages = 307,
   key = "JNI",
   isbn = "0-201-32577-2"
}

@Book{learningandroid,
   title = "Learning Android",
   author = "Marko {Gargenta}",
   publisher = "O'Reilly",
   edition = "First Edition",
   month = "Mar",
   year = 2011,
   pages = 268,
   key = "Android",
   isbn = "978-1-449-39050-1"
}

@MISC{remixingand,
      AUTHOR = "Marko {Gargenta}",
      TITLE = "Remixing Android",
      month = "Feb",
      year = 2012,
      NOTE = "\texttt{http://www.marakana.com/}"
}

@MISC{andinternals,
      AUTHOR = "Aleksandar {Gargenta} and Ken {Jones}",
      TITLE = "Android Internals",
      month = "Aug",
      year = 2012,
      NOTE = "\texttt{http://www.marakana.com/}"
}

@MISC{opersys,
      author = "Karim {Yaghmour}",
      TITLE = "Extending Android HAL",
      month = "Jul",
      year = 2012,
      NOTE = "\texttt{http://www.opersys.com/}"
}

@MISC{oracle,
      TITLE = "JNI Specs",
      NOTE = "\texttt{http://docs.oracle.com/javase/6/docs/technotes/guides/jni/spec/jniTOC.html}"
}

@MISC{jnitips,
      TITLE = "JNI Tips",
      NOTE = "\texttt{http://developer.android.com/guide/practices/jni.html}"
}

@MISC{smakov,
			AUTHOR = "Jurij {Smakov}",
      TITLE = "JNI Examples for Android",
      NOTE = "\texttt{http://android.wooyd.org/JNIExample/}"
}
